@article{a,
    author = {},
    title = {},
    journal = {},
    year = {},

    volume = {},
    number = {},
    pages = {},
    month = {},
    note = {}
}

@book{b,
    author = {} | editor = {},
    title = {},
    publisher = {},
    year = {},

    volume = {} | number = {},
    series = {},
    address = {},
    edition = {},
    month = {},
    note = {}
}

@booklet{bb,
    title = {},

    author = {},
    howpublished = {},
    address = {},
    month = {},
    year = {},
    note = {}
}

@inbook{i,
    author = {} | editor = {},
    title = {},
    chapter = {} &| pages = {},
    publisher = {},
    year = {},

    volume = {} | number = {},
    series = {},
    type = {},
    address = {},
    edition = {},
    month = {},
    note = {}
}

@manual{m,
    title = {},

    author = {},
    organization = {},
    address = {},
    edition = {},
    month = {},
    year = {},
    note = {}
}

@misc{mi,
    author = {},
    title = {},
    howpublished = {},
    month = {},
    year = {},
    note = {}
}

@techreport{t,
    author = {},
    title = {},
    institution = {},
    year = {},

    type = {},
    number = {},
    address = {},
    month = {},
    note = {}
}
