@misc{NOOBS,
    title = {NOOBS},
    howpublished = {\url{https://www.raspberrypi.org/downloads/noobs/}},
    note = {Page accessed: 2018-10-08}
}

@misc{IoT,
    title = {An overview of Windows 10 IoT Core},
    howpublished = {\url{https://docs.microsoft.com/en-us/windows/iot-core/windows-iot-core}},
    note = {Page accessed: 2018-10-08}
}

@misc{insmod,
    title = {insmod(8) - Linux man page},
    howpublished = {\url{modprobe://linux.die.net/man/8/insmod}},
    note = {Page accessed: 2018-10-03}
}

@misc{Kbuild,
    title = {Kbuild: the Linux kernel build system},
    howpublished = {\url{https://www.linuxjournal.com/content/kbuild-linux-kernel-build-system}},
    note = {Page accessed: 2018-10-09}
}
    
@misc{CFS,
    title = {CFS Scheduler},
    howpublished =
    {\url{https://www.kernel.org/doc/Documentation/scheduler/sched-design-CFS.txt}},
    note = {Page accessed: 2018-10-03}
}

@misc{BFS,
    title = {Kernel patch homepage of Con Kolivas},
    howpublished = {\url{www.users.on.net/~ckolivas/kernel/}},
    note = {Page accessed: 2018-10-03}
}

@inbook{DinosaurCPU,
    author = {Silberschatz, Abraham and Galvin, Peter B. and Gagne, Greg},
    title = {Operating System Concepts},
    chapter = {5: Process Scheduling},
    publisher = {Wiley},
    year = {2014},

    edition = {9}
}

@misc{Schedulers,
    title = {Scheduling: Linux},
    howpublished = {\url{https://en.wikipedia.org/wiki/Scheduling_(computing)}},
    note = {Page accessed: 2018-08-30}
}

@inbook{PageReplacement,
    author = {Tanenbaum, Andrew S. and Woodhull, Albert S.},
    title = {Operating Systems: Design and Implementation},
    chapter = {4: Memory Management},
    publisher = {Pearson},
    year = {2009},
    edition = {3}
}

@misc{permissions,
    title = {Ownership and Permissions},
    howpublished =
    {\url{https://access.redhat.com/documentation/en-US/Red_Hat_Enterprise_Linux/4/html/Step_by_Step_Guide/s1-navigating-ownership.html}},
    note = {Page accessed: 2018-10-09}
}

@misc{LinuxScheduling,
    title = {Scheduling: Operating system process scheduler implementations},
    howpublished =
    {\url{https://en.wikipedia.org/wiki/Scheduling_(computing)#Linux}},
    note = {Page accessed: 2018-08-30}
}

@misc{BCM2835,
    title = {BCM2836},
    howpublished = {\url{https://www.raspberrypi.org/documentation/hardware/raspberrypi/bcm2836/README.md}},
    note = {Page accessed: 2018-10-08}
}

@misc{BCM2837,
    title = {BCM2837},
    howpublished = {\url{https://www.raspberrypi.org/documentation/hardware/raspberrypi/bcm2837/README.md}},
    note = {Page accessed: 2018-10-08}
}

@misc{CannotDoC,
    title = {C: Things C can't do},
    howpublished = {\url{https://wiki.osdev.org/C#Things_C_can.27t_do}},
    note = {Page accessed: 2018-08-30}
}

@misc{CrossCompilation,
    title = {Why do I need a cross compiler?},
    howpublished = {\url{https://wiki.osdev.org/Why_do_I_need_a_Cross_Compiler%3F}},
    note = {Page accessed: 2018-08-30}
}

@misc{qemu,
    howpublished = {\url{https://www.qemu.org/}},
    note = {Page accessed: 2018-08-30}
}

@book{MINIX,
    author = {Tanenbaum, Andrew S. and Woodhull, Albert S.},
    title = {Operating Systems: Design and Implementation},
    publisher = {Pearson},
    date = {2009},
    edition = {3}
}

@misc{Pintos,
    title = {Pintos},
    howpublished =
    {\url{https://web.stanford.edu/class/cs140/projects/pintos/pintos_1.html}},
    note = {Page accessed: 2018-10-09}
}

@misc{jsandler,
    title = {Building an Operating System for the Raspberry Pi},
    howpublished = {\url{https://jsandler18.github.io/}},
    note = {Page accessed: 2018-10-09}
}
