@misc{OSes,
    title = {Downloads},
    howpublished = {\url{https://www.raspberrypi.org/downloads/}},
    note = {Page accessed: 2018-11-22}
}
