@misc{GNUtoolchain,
    title = {GNU-RM Downloads},
    howpublished =
    {\url{https://developer.arm.com/open-source/gnu-toolchain/gnu-rm/downloads}},
    note = {Page accessed: 2018-11-18}
}

@misc{pacman,
    title = {arm-none-eabi-gcc 8.2.0-1},
    howpublished =
    {\url{https://www.archlinux.org/packages/community/x86_64/arm-none-eabi-gcc/}},
    note = {Page accessed: 2018-11-18}
}
